%***********************************************************************
%***************************** Cites ***********************************
%***********************************************************************

@MISC{MWil,
  AUTHOR       = {Matthias Wilkens},
  TITLE        = {Autonomous Driving Robot Student Teams Work from Home to Win the NXP Cup Electromaker Innovation Challenge},
  YEAR         = {2020},
  HOWPUBLISHED = {Website},
  NOTE         = {Online erhältlich unter \url{https://www.nxp.com/company/blog/autonomous-driving-robot-student-teams-work-from-home-to-win-the-nxp-cup-electromaker-innovation-challenge:BL-AUTONOMOUS-DRIVING-ROBOT-NXP-CUP}; zuletzt abgerufen am 19. März 2021}
}

@MANUAL{Semic,
	TITLE       = {LPC546xx User Manual},
	YEAR		= {2019}
}

@MISC{DIYE,
  AUTHOR       = {DIYElectronics},
  TITLE        = {MG996R Servo Motor | 120° Servo Motor – 10kg Stalling Torque},
  HOWPUBLISHED = {Website},
  YEAR		   = {2021},
  NOTE         = {Online erhältlich unter \url{https://www.diyelectronics.co.za/store/servos/766-towerpro-mg996r-servo-motor.html}; zuletzt abgerufen am 27. März 2021}
}

@MANUAL{Taos,
	TITLE       = {TSL1401R-LF User Manual},
	YEAR		= {2006}
}

@MANUAL{OLED,
	TITLE       = {OLED-128O064J-WPP3N00000},
	YEAR		= {2017},
	MONTH        = 6
}

@MANUAL{SSD1309,
	TITLE       = {SSD1309 Advance Information},
	YEAR		= {2011},
	MONTH        = 7,
}

@MISC{Debounce,
  AUTHOR       = {mikrocontroller.net},
  TITLE        = {Entprellung},
  HOWPUBLISHED = {Website},
  NOTE         = {Online erhältlich unter \url{https://www.mikrocontroller.net/articles/Entprellung}; zuletzt abgerufen am 20. Juni 2021}
}

@MISC{ENC,
  AUTHOR       = {mikrocontroller.net},
  TITLE        = {Drehgeber},
  HOWPUBLISHED = {Website},
  NOTE         = {Online erhältlich unter \url{https://www.mikrocontroller.net/articles/Drehgeber}; zuletzt abgerufen am 20. Juni 2021}
}

@MISC{OPVModel,
  AUTHOR       = {Texas Instruments, Inc.},
  TITLE        = {LMx58\_LM2904 PSPICE Model (Rev. A)},
  NOTE         = {Online erhältlich unter \url{https://www.ti.com/product/LM358#design-development}; zuletzt abgerufen am 21. Juni 2021}
}